@article{Dirac1953888,
  title   = "The lorentz transformation and absolute time",
  journal = "Physica ",
  volume  = "19",
  number  = "1-–12",
  pages   = "888--896",
  year    = "1953",
  doi     = "10.1016/S0031-8914(53)80099-6",
  author  = "P.A.M. Dirac"
}

@article{Feynman1963118,
  title   = "The theory of a general quantum system interacting with a linear dissipative system",
  journal = "Annals of Physics ",
  volume  = "24",
  pages   = "118--173",
  year    = "1963",
  doi     = "10.1016/0003-4916(63)90068-X",
  author  = "R.P Feynman and F.L {Vernon Jr.}"
}

@article {Shapiro1063,
	author = {Shapiro, Michael D. and Kronenberg, Zev and Li, Cai and Domyan, Eric T. and Pan, Hailin and Campbell, Michael and Tan, Hao and Huff, Chad D. and Hu, Haofu and Vickrey, Anna I. and Nielsen, Sandra C. A. and Stringham, Sydney A. and Hu, Hao and Willerslev, Eske and Gilbert, M. Thomas P. and Yandell, Mark and Zhang, Guojie and Wang, Jun},
	title = {Genomic Diversity and Evolution of the Head Crest in the Rock Pigeon},
	volume = {339},
	number = {6123},
	pages = {1063--1067},
	year = {2013},
	doi = {10.1126/science.1230422},
	publisher = {American Association for the Advancement of Science},
	issn = {0036-8075},
	URL = {https://science.sciencemag.org/content/339/6123/1063},
	eprint = {https://science.sciencemag.org/content/339/6123/1063.full.pdf},
	journal = {Science}
}


@article{Gillespie2012,
author = {Gillespie, Meagan J. and Stanley, Dragana and Chen, Honglei and Donald, John A. and Nicholas, Kevin R. and Moore, Robert J. and Crowley, Tamsyn M.},
doi = {10.1371/journal.pone.0048363},
editor = {Salmon, Henri},
issn = {1932-6203},
journal = {PLoS ONE},
month = {oct},
number = {10},
pages = {e48363},
publisher = {Public Library of Science},
title = {{Functional Similarities between Pigeon ‘Milk' and Mammalian Milk: Induction of Immune Gene Expression and Modification of the Microbiota}},
url = {https://dx.plos.org/10.1371/journal.pone.0048363},
volume = {7},
year = {2012}
}
